<?xml version="1.0" encoding="utf-8"?>
<record xmlns="http://www.loc.gov/MARC21/slim" xmlns:xsi="http://www.w3.org/2001/XMLSchema-instance" xsi:schemaLocation="http://www.loc.gov/MARC21/slim http://www.loc.gov/standards/marcxml/schema/MARC21slim.xsd">
	<leader>     nam a22     Mi 4500</leader>
	<controlfield tag="001">b12626375</controlfield>
	<controlfield tag="003">UaCaAUL</controlfield>
	<controlfield tag="006">m        d        </controlfield>
	<controlfield tag="007">cr cn |||m|||a</controlfield>
	<controlfield tag="008">200214s1879    ua      o     000 0 ara d</controlfield>
	<datafield ind1=" " ind2=" " tag="040">
		<subfield code="a">ZYU</subfield>
		<subfield code="b">ara</subfield>
		<subfield code="e">rda</subfield>
		<subfield code="c">ZYU</subfield>
	</datafield>
	<datafield ind1=" " ind2=" " tag="050">
		<subfield code="a">PJ7701.6.T35</subfield>
		<subfield code="b">A17 1879</subfield>
	</datafield>
	<datafield ind1="1" ind2=" " tag="100">
		<subfield code="6">880-01</subfield>
		<subfield code="a">Tibrīzī, Yaḥyá ibn ʻAlī,</subfield>
		<subfield code="d">-1109,</subfield>
		<subfield code="e">author.</subfield>
	</datafield>
	<datafield ind1="1" ind2="0" tag="245">
		<subfield code="6">880-02</subfield>
		<subfield code="a">al-Juzʼ al-awwal [-al-rābiʻ] min Sharḥ al-imām al-bāriʻ maʻdan al-adab wa-muẓhir al-badāʼiʻ ʻallāmat al-zamān wa-fahhāmat al-awān al-shaykh Abī Zakarīyā Yaḥyá ibn ʻAlī al-Tibrīzī al-shahīr bi-al-Khaṭīb, taghammadahu bi-raḥmtihi wa-askanahu fasīḥ jannatihi al-qarīb al-mujīb ʻalá Dīwān ashʻār al-ḥamāsah allatī ikhtārahā min ashʻār al-ʻArab al-ʻurabāʼ Abū Tammām Ḥabīb ibn Aws al-Ṭāʼī ashʻar shuʻarāʼ al-Islām.</subfield>
	</datafield>
	<datafield ind1=" " ind2="1" tag="264">
		<subfield code="6">880-03</subfield>
		<subfield code="a">Miṣr :</subfield>
		<subfield code="b">Maṭbaʻat Būlāq,</subfield>
		<subfield code="c">1296 [1879]</subfield>
	</datafield>
	<datafield ind1=" " ind2=" " tag="300">
		<subfield code="a">online resource (4 volumes in 1)</subfield>
	</datafield>
	<datafield ind1=" " ind2=" " tag="336">
		<subfield code="a">text</subfield>
		<subfield code="2">rdacontent</subfield>
	</datafield>
	<datafield ind1=" " ind2=" " tag="337">
		<subfield code="a">computer</subfield>
		<subfield code="2">rdamedia</subfield>
	</datafield>
	<datafield ind1=" " ind2=" " tag="338">
		<subfield code="a">online resource</subfield>
		<subfield code="2">rdacarrier</subfield>
	</datafield>
	<datafield ind1=" " ind2=" " tag="500">
		<subfield code="a">Part of the Arabic Collections Online (ACO) project, contributed by American University in Cairo Library.</subfield>
	</datafield>
	<datafield ind1=" " ind2=" " tag="533">
		<subfield code="a">Electronic reproduction.</subfield>
		<subfield code="b">New York, N.Y. :</subfield>
		<subfield code="c">New York University,</subfield>
		<subfield code="d">2020.</subfield>
		<subfield code="5">NNU</subfield>
	</datafield>
	<datafield ind1="0" ind2="0" tag="600">
		<subfield code="6">880-04</subfield>
		<subfield code="a">Abū Tammām Ḥabīb ibn Aws al-Ṭāʼī,</subfield>
		<subfield code="d">active 808-842.</subfield>
	</datafield>
	<datafield ind1=" " ind2="0" tag="650">
		<subfield code="a">Arabic poetry</subfield>
		<subfield code="x">History and criticism.</subfield>
	</datafield>
	<datafield ind1="0" ind2="7" tag="600">
		<subfield code="a">Abū Tammām Ḥabīb ibn Aws al-Ṭāʼī,</subfield>
		<subfield code="d">active 808-842.</subfield>
		<subfield code="2">fast</subfield>
		<subfield code="0">(OCoLC)fst01803260</subfield>
	</datafield>
	<datafield ind1=" " ind2="7" tag="650">
		<subfield code="a">Arabic poetry.</subfield>
		<subfield code="2">fast</subfield>
		<subfield code="0">(OCoLC)fst00812533</subfield>
	</datafield>
	<datafield ind1=" " ind2="7" tag="655">
		<subfield code="a">Criticism, interpretation, etc.</subfield>
		<subfield code="2">fast</subfield>
		<subfield code="0">(OCoLC)fst01411635</subfield>
	</datafield>
	<datafield ind1="0" ind2=" " tag="700">
		<subfield code="6">880-05</subfield>
		<subfield code="a">Abū Tammām Ḥabīb ibn Aws al-Ṭāʼī,</subfield>
		<subfield code="d">active 808-842.</subfield>
	</datafield>
	<datafield ind1="2" ind2=" " tag="710">
		<subfield code="a">American University in Cairo.</subfield>
		<subfield code="b">Library.</subfield>
	</datafield>
	<datafield ind1="0" ind2=" " tag="730">
		<subfield code="a">Arabic Collections Online.</subfield>
	</datafield>
	<datafield ind1="0" ind2="8" tag="776">
		<subfield code="i">Print version:</subfield>
		<subfield code="a">Tibrīzī, Yaḥyá ibn ʻAlī, -1109, author.</subfield>
		<subfield code="t">al-Juzʼ al-awwal [-al-rābiʻ] min Sharḥ al-imām al-bāriʻ maʻdan al-adab wa-muẓhir al-badāʼiʻ ʻallāmat al-zamān wa-fahhāmat al-awān al-shaykh Abī Zakarīyā Yaḥyá ibn ʻAlī al-Tibrīzī al-shahīr bi-al-Khaṭīb, taghammadahu bi-raḥmtihi wa-askanahu fasīḥ jannatihi al-qarīb al-mujīb ʻalá Dīwān ashʻār al-ḥamāsah allatī ikhtārahā min ashʻār al-ʻArab al-ʻurabāʼ Abū Tammām Ḥabīb ibn Aws al-Ṭāʼī ashʻar shuʻarāʼ al-Islām</subfield>
		<subfield code="w">(UaCaAUL)b12626375</subfield>
		<subfield code="w">(OCoLC)60506573</subfield>
	</datafield>
	<datafield ind1="4" ind2="0" tag="856">
		<subfield code="u">http://hdl.handle.net/2333.1/ncjsxw9f</subfield>
	</datafield>
	<datafield ind1="1" ind2=" " tag="880">
		<subfield code="6">100-01</subfield>
		<subfield code="a">تبريزي، يحيى بن علي،</subfield>
		<subfield code="d">- 1109.</subfield>
	</datafield>
	<datafield ind1="1" ind2="0" tag="880">
		<subfield code="6">245-02</subfield>
		<subfield code="a">الجزء الأول [-الرابع] من شرح الإمام البارع معدن الأدب ومظهر البدائع علامة الزمن وفهامة الأوان الشيخ أبي زكريا يحيى بن علي التبريزي الشهير بالخطيب، تغمده برحمته وأسكنه فسيح جنته القريب المجيب على ديوان أشعار الحماسة التي أختارها من أشعار العرب العرباء أبو تمام حبيب بن أوس الطائي أشعر شعراء الإسلام.</subfield>
	</datafield>
	<datafield ind1=" " ind2="1" tag="880">
		<subfield code="6">264-03</subfield>
		<subfield code="a">مصر :</subfield>
		<subfield code="b">مطبعة بولاق،</subfield>
		<subfield code="c">1296 [1879]</subfield>
	</datafield>
	<datafield ind1="0" ind2="0" tag="880">
		<subfield code="6">600-04</subfield>
		<subfield code="a">أبو تمام حبيب بن أوس الطائي،</subfield>
		<subfield code="d">808-842.</subfield>
	</datafield>
	<datafield ind1="0" ind2=" " tag="880">
		<subfield code="6">700-05</subfield>
		<subfield code="a">أبو تمام حبيب بن أوس الطائي،</subfield>
		<subfield code="d">808-842.</subfield>
	</datafield>
	<datafield ind1=" " ind2=" " tag="959">
		<subfield code="a">NNU</subfield>
		<subfield code="b">WEB</subfield>
		<subfield code="c">GENI</subfield>
		<subfield code="t">0</subfield>
		<subfield code="m">Electronic access</subfield>
		<subfield code="s">01</subfield>
	</datafield>
	<datafield ind1=" " ind2=" " tag="999">
		<subfield code="i">UaCaAUL_b12626375</subfield>
		<subfield code="o">(OCoLC)ocm60506573</subfield>
		<subfield code="s">auc_aco000993:v.1-4</subfield>
		<subfield code="s">auc_aco000993:v.1-4</subfield>
	</datafield>
</record>
